@techreport{itu-bt500-11,
  title = "{ITU-R BT.500-11 M}éthodologie d'évaluation subjective de la qualité des images de télévision",
  author = "ITU",
  organization = "International Telecommunication Union",
  edition = "11",
  year = 2002,
  institution = "International Telecommunication Union"
}

@techreport{itu-bt709-5,
  title = "{ITU-R BT.709-5 P}arameter values for the HDTV standards for production and international programme exchange",
  author = "ITU",
  organization = "International Telecommunication Union",
  edition = "5",
  year = 2002,
  institution = "International Telecommunication Union"
}

@techreport{itu-bt710-4,
  title = "{ITU-R BT.710-4 M}éthodes d'évaluation subjective de la qualité d'image en télévision haute définition",
  author = "ITU",
  organization = "International Telecommunication Union",
  edition = "4",
  year = 1998,
  institution = "International Telecommunication Union"
}

@techreport{itu-bt814-1,
  title = "{ITU-R BT.814-1 S}pécifications et méthodes de réglage de la brillance et du contraste des dispositifs de visualisation",
  author = "ITU",
  organization = "International Telecommunication Union",
  edition = "1",
  year = 1994,
  institution = "International Telecommunication Union"
}

@techreport{itu-bt815-1,
  title = "{ITU-R BT.815-1 S}pécification d'un signal de mesure du contraste des dispositifs de visualisation",
  author = "ITU",
  organization = "International Telecommunication Union",
  edition = "1",
  year = 1994,
  institution = "International Telecommunication Union"
}

@techreport{vqeg-frtv2,
	title = "Final report from the Video Quality Experts Group on the validation of Objective Models of Video Quality Assessment -- {Phase II}",
	author = "VQEG",
	institution = "Video Quality Experts Group",
	year = 2003,
	url = "www.vqeg.org"
}

@manual{vqeg-hdtvtestplan,
  title = "{HDTV Group Test P}lan 2.0",
  author = "VQEG",
  institution = "Video Quality Experts Group",
  year = 2008
}

@manual{vqeg-MMtestplan,
	title = "{Multimedia Test P}lan 1.19",
	author = "VQEG",
	institution = "Video Quality Experts Group",
	year = 2007
}

@techreport{ebu-samviq,
	title = "{SAMVIQ -- S}ubjective Assessment Methodology for Video Quality",
	author = "EBU",
	organization = "EBU Project Group B/VIM Video In Multimedia",
	year = 2003,
	number = "BPN 056",
	institution = "European Broadcasting Union"
}

@inproceedings{huynhthu-vpqm2007,
	author = {Quan Huynh-Thu and Matthew D. Brotherton and David S. Hands and Kjell Brunnstr\"{o}m and Ghanbari, Mohammed},
	title = "Examination of the {SAMVIQ} methodology for the subjective assessment of multimedia quality",
	booktitle = "Proceedings of the {Third International Workshop on Video Processing and Quality Metrics for Consumer Electronics, VPQM}2007",
	year = "2007",
	address = "Scottsdale, États-Unis"
}

@article{brotherton-ieice2006,
	author = {Matthew D. Brotherton and Quan Huynh-Thu and David S. Hands and Kjell Brunnstr\"{o}m},
	title = "Subjective Multimedia Quality Assessment",
	journal = "IEICE Transactions on Fundamentals of Electronics, Communications and Computer Sciences",
	volume = "E89-A",
	number = "11",
	year = "2006",
	issn = "0916-8508",
	pages = "2920--2932",
	doi = "10.1093/ietfec/e89-a.11.2920",
	publisher = "Oxford University Press",
	address = "Oxford, Angleterre"
}

@inproceedings{huynhthu-sip2005,
	author = "Quan Huynh-Thu and Mohammed Ghanbari",
	title = "A comparison of subjective video quality assessment methods for low-bit rate and low-resolution video",
	booktitle = "Proceedings of Signal and Image Processing",
	volume = "479",
	year = "2005",
	issn = "1482-7921",
	editor = "M.W. Marcellin",
	address = "Honolulu, Hawaii, États-Unis"
}

@techreport{itu-p910,
	title = "{ITU-T P.910 S}ubjective video quality assessment methods for multimedia applications",
	author = "ITU",
	organization = "International Telecommunication Union",
	year = 2006,
	institution = "International Telecommunication Union"
}

@article{corriveau-subjScales,
	author = "Philip Corriveau and Christina Gojmerac and Bronwen Hughes and Lew Stelmach",
	title = "All subjective scales are not created equal: the effects of context on different scales",
	journal = "Signal Processing",
	volume = "77",
	number = "1",
	year = "1999",
	issn = "0165-1684",
	pages = "1--9",
	doi = "10.1016/S0165-1684(99)00018-3",
	publisher = "Elsevier North-Holland, Inc.",
	address = "Amsterdam, Pays-Bas"
}

@inproceedings{ende-ei2007,
	author = "Van den Ende, Nele and Meestersb, Lydia M. J. and Haakmaa, Reinder",
	title = "Relation between {DSIS and DSCQS} for temporal and spatial video artifacts in a wireless home environment",
	booktitle = "Proceedings of the SPIE Electronic Imaging 2007",
	volume = "6492",
	year = "2007",
	address = "San Jose, États-Unis",
	doi = "10.1117/12.704407"
}

@inproceedings{lee-ie2006,
	author = "C. Lee and H. Choi and E. Lee and S. Lee and J. Choe",
	title = "{Comparison of Various Subjective Video Quality Assessment Methods}",
	booktitle = "Proceedings of the SPIE Electronic Imaging 2006",
	volume = "6059",
	year = "2006",
	address = "San Jose, États-Unis",
	doi = "10.1117/12.651056"
}

@misc{ishihara-plates,
	title = "Tests for Colour-Blindness",
	author = "Ishihara, Shinobu",
	year = 1967,
	howpublished = "Kanehara Shuppen Company, Ltd., Tokyo, Japan"
}

@article{monoyer-plates,
	title = "{\'E}chelle typographique pour la d{\'e}termination de l'acuit{\'e} visuelle",
	author = "Monoyer, Ferdinand",
	year = 1875,
	journal = "Acad{\'e}mie des Sciences, Comptes rendus",
	number = "113",
	volume = 80
}

@techreport{svt-assesstudy,
	title = "Overall-quality assessment when targeting {Wide-XGA} flat panel displays",
	author = "{Sveriges Television}",
	year = 2002,
	url = "ftp://ftp.ldv.e-technik.tu-muenchen.de/pub/test_sequences/",
	institution = "SVT corporate development technology"
}

@article{mitsuhashi-scanning,
	title = "Fundamental requirements for {High-Definition television systems -- S}canning specifications and picture quality",
	author = "Mitsuhashi, Tetsuo",
	journal = "NHK Technical Monograph",
	pages = "21--26",
	year = 1982
}

@article{yuyama-largescreeneffects,
	title = "Fundamental requirements for {High-Definition television systems -- L}arge-screen effects",
	author = "Yuyama, Ichiro",
	journal = "NHK Technical Monograph",
	pages = "14--20",
	year = 1982
}

@techreport{hoffmann-ibc2006,
	title = "{HDTV--EBU format comparisons at IBC-2006}",
	author = "Hoffmann, Hans",
	organization = "EBU Technical Department",
	institution = "European Broadcasting Union",
	url = "www.ebu.ch/en/technical/trev/trev_308-hdtv.pdf",
	year = 2006
}

@techreport{wood-hd4u,
	title = "{High Definition for E}urope -- a progressive approach",
	author = "Wood, David",
	organization = "EBU Project Group B/TQE",
	institution = "European Broadcasting Union",
	url = "www.ebu.ch/en/technical/trev/trev_300-wood.pdf",
	year = 2004
}

@techreport{laven-hdtvWars,
	title = "{HDTV} format wars",
	author = "Laven, Philip",
	url = "www.ebu.ch/en/technical/trev/trev_301-editorial.html",
	institution = "European Broadcasting Union",
	year = 2005
}

@techreport{itu-crtlcd,
	author = "ITU",
	title =  "Report on results of comparative subjective picture quality assessment test between {CRT and LCD}",
	organization = "International Telecommunication Union",
	year = 2005,
	institution = "International Telecommunication Union"
}

@article{fujio-futureHDTV,
	title = "{Future broadcasting and High-Definition T}elevision",
	author = "Fujio, Takashi",
	journal = "NHK Technical Monograph",
	pages = "5--13",
	year = 1982
}

@inproceedings{handley-pics2001,
	author    = "Handley, John C.",
	title     = "{Comparative Analysis of Bradley--Terry and Thurstone--Mosteller Paired Comparison Models for Image Quality Assessment}",
	booktitle = "Proceedings of the Image Processing, Image Quality, Image Capture Systems Conference, PICS2001",
	year      = "2001",
	pages     = "108--112",
	address = "Montréal, Canada"
}

@inproceedings{reibman-vpqm2006,
	title     = "{Subjective performance evaluation of super-resolution image enhancement}",
	author    = "Reibman, Amy R. and Schaper, Thilo",
	booktitle = "Proceedings of the {S}econd {I}nternational {W}orkshop on {V}ideo {P}rocessing and {Q}uality {M}etrics for {C}onsumer {E}lectronics, {VPQM}2006",
	address = "Scottsdale, États-Unis",
	year = 2006
}



@comment{chapitre 2 : Caractérisations subjectives de la qualité d'usage en télévision haute définition}

@misc{h264-jm,
  title = "H.264/{MPEG-4 Advanced Video Coding} reference software, 10.2 version",
  author = "JVT",
  organization = "Joint Video Team",
  year = 2006,
  url = "iphome.hhi.de/suehring/tml"
}

@inproceedings{koh-vpqm2006,
	title     = "A proposed framework for a digital video library for research applications",
	author    = "Koh, Chin Chye and Mitra, Sanjit K.",
	booktitle = "Proceedings of the {S}econd {I}nternational {W}orkshop on {V}ideo {P}rocessing and {Q}uality {M}etrics for {C}onsumer {E}lectronics, {VPQM}2006",
	address = "Scottsdale, États-Unis",
	year = 2006
}

@inproceedings{corrie-wace2003,
	title     = "Towards quality of experience in advanced collaborative environments",
	author    = "Corrie, Brian and Wong, Hong-Yee and Zimmerman, Todd and  Marsh, Stephen and Patrick, Andrew S. and Singer, Janice and Emond, Bruno and Noël, Sylvie",
	booktitle = "Proceedings of the third annual {W}orkshop on {A}dvanced {C}ollaborative {E}nvironments, {WACE}2003",
	address = "Seattle, États-Unis",
	year = 2003
}

@inproceedings{tourancheau-icip2007,
	author = "Tourancheau, Sylvain and Le Callet, Patrick and Barba, Dominique",
	title = "Impact of the resolution on the difference of perceptual video qualité between {CRT and LCD}",
	booktitle = "Proceedings of {IEEE International Conference on Image Processing, ICIP}2007",
	year = "2007",
	address = "San Antonio, États-Unis"
}

@inproceedings{tourancheau-vpqm2007,
	author = "Tourancheau, Sylvain and Le Callet, Patrick and Barba, Dominique",
	title = "Prediction of perceived quality differences between {CRT and LCD} displays based on motion blur",
	booktitle = "Proceedings of the {Third International Workshop on Video Processing and Quality Metrics for Consumer Electronics, VPQM}2007",
	year = "2007",
	address = "Scottsdale, États-Unis"
}

@inproceedings{eusipco2006-wolff,
	title = "H.264 Coding Artifacts and their Relation to Perceived Annoyance",
	author = "Wolff, Tobias and Ho, Hsin-Han and Foley, John M. and Mitra, Sanjit K.",
	booktitle = "Proceedings of the {European Signal Processing Conference 2006, EUSIPCO}2006",
	address = "Florence, Italie",
	year = 2006
}

@phdthesis{farias-phd,
	title = "No-reference and reduced reference video quality metrics: new contributions",
	author = "Farias, Mylène",
	organization = "University of California",
	school = "University of California",
	type = "Ph{D} thesis",
	year = 2004
}

@inproceedings{wolf-spatempmetric,
  title = "Spatial-temporal distortion metric for in-service quality monitoring of any digital video system",
  author = "Wolf, Stephen and Pinson, Margaret H.",
  booktitle = "Proceedings of SPIE Multimedia Systems and Applications II",
  pages = "266--277",
  year = 1999,
  volume = 3845
}

@techreport{ccir,
	title = "Avis 500, rapport 405-2 : Évaluation subjective de la qualité des images de télévision",
	author = "CCIR",
	number = "XI",
	pages = "65--68, 75--83",
	institution = "CCIR, assemblée plénière",
	year = 1975
}



@comment{chapitre 4 : Critères objectifs de qualité vidéo}

@article{lecallet-ieee2006,
	title = "A convolutional neural network approach for objective video quality assessment",
	author = "Le Callet, Patrick and Viard-Gaudin, Christian and Barba, Dominique",
	journal = "IEEE Transactions on Neural Networks",
	volume = 17,
	number = 5,
	pages = "1316--1327",
	year = 2006
}

@inproceedings{caviedes-nrqm,
	title = "No-reference quality metric for degraded and enhanced video",
	author = "Caviedes, Jorge E. and Oberti, Franco",
	booktitle = "{Visual Communications and Image Processing}",
	editor = "Touradj Ebrahimi and Thomas Sikora",
	pages = "621--632",
	volume = 5150,
	year = 2003,
	isbn = "0-8194-5023-5",
	publisher = "SPIE",
	series = "Proceedings of SPIE"
}

@inproceedings{wang-icip2000,
	title = "Blind measurement of blocking artifacts in images",
	author = "Wang, Zhou and Bovik, Alan C. and Evans, B. L.",
	booktitle = "Proceedings of {IEEE International Conference on Image Processing, ICIP}2000",
	pages = "981--984",
	volume = 3,
	address = "Vancouver, Canada",
	year = 2000
}

@article{wang-vqasdm,
	title = "Video quality assessment based on structural distortion measurement",
	author = "Wang, Zhou and Lu, Ligang and Bovik, Alan C.",
	journal = "Signal Processing: Image Communication, special issue on Objective video quality metrics",
	pages = "121--132",
	volume = 19,
	number = 2,
	year = 2004
}

@article{vlachos-detection,
	title = "Detection of blocking artifacts in compressed video",
	author = "Vlachos, T.",
	journal = "Electronics Letters",
	year = 2000,
	volume = 36,
	number = 13
}

@inproceedings{leontaris-icassp2005,
	title = "Comparison of blocking and blurring metrics for video compression",
	author = "Leontaris, Athanasios and Reibman, Amy R.",
	booktitle = "Proceedings of {IEEE International Conference on Acoustics, Speech and Signal Processing, ICASSP}2005",
	pages = "585--588",
	address = "Philadelphia, États-Unis",
	year = 2005
}

@article{liu-measureReducBlock,
	title = "{Efficient DCT-domain blind measurement and reduction of blocking artifacts}",
	author = "Liu, Shizhong and Bovik, Alan C.",
	journal = "{IEEE Transactions on Circuits and Systems for Video Technology}",
	page = "1139--1149",
	volume = 12,
	number = 12,
	year = 2002,
	doi = "10.1109/TCSVT.2002.806819"
}

@inproceedings{marziliano-blurmetric,
	title = "A No-Reference Perceptual Blur Metric",
	author = "Marziliano, Pina And Dufaux, Frederic And Winkler, Stefan And Ebrahimi, Touradj",
	booktitle = "Proceedings of {IEEE International Conference on Image Processing, ICIP}2000",
	pages = "57--60",
	volume = 3,
	year = 2002,
	doi = "10.1109/ICIP.2002.1038902"
}

@article{marziliano-ringingmetric,
  title = "Perceptual Blur And Ringing Metrics: Application To {JPEG2000}",
  author = "Marziliano, Pina And Dufaux, Frederic And Winkler, Stefan And Ebrahimi, Touradj",
  pages = "163--172",
  year = 2004,
  journal = "Signal Processing Image Communication",
  volume = 19
}

@article{wang-uiqi,
	title = "A Universal Image Quality Index",
	author = "Wang, Zhou and Bovik, Alan C.",
	journal = "IEEE Signal Processing Letters",
	volume = "9",
	number = "3",
	pages = "81--84",
	year = 2002
}

@techreport{wolf-vqmtech,
  title = "Video Quality Measurement Techniques",
  author = "Wolf, Stephen And Pinson, Margaret",
  institution = "National Telecommunications and Information Administration",
  year = 2002,
  number = "02-392"
}

@article{wang-ssim,
	title = "Image Quality Assessment: From Error Visibility to Structural Similarity",
	author = "Wang, Zhou and Bovik, Alan C. and Sheikh, Hamid Rahim and Simoncelli, Eero P.",
	journal = "IEEE Transactions on Image Processings",
	pages = "600--612",
	year = 2004,
	volume = 13,
	number = 4
}

@inproceedings{wolf-vpqm2007,
	author = "Wolf, Stephen and Pinson, Margaret H.",
	title = "Application of the {NTIA general video quality metric (VQM) to HDTV} quality monitoring",
	booktitle = "Proceedings of the {Third International Workshop on Video Processing and Quality Metrics for Consumer Electronics, VPQM}2007",
	year = "2007",
	address = "Scottsdale, États-Unis"
}

@inproceedings{oelbaum-pcs2007,
	author = "Oelbaum, Tobias and Diepold, Klaus and Zia, Waqar",
	title = "A generic method to increase the prediction accuracy of visual quality metrics",
	booktitle = "Proceedings of the {IEEE Picture Coding Symposium, PCS}2007",
	address = "Lisbon, Portugal",
 	year = 2007
}

@article{lukas-PQMonVM,
	author = "Lukas, Frank X. J. and Budrikis, Zigmantas L.",
	title = "Picture quality prediction based on a visual model",
	journal = "IEEE Transactions on Communications",
	volume = "COM-30",
	number = "7",
	year = "1982",
	issn = "0096-2244",
	pages = "1679--1692"
}

@inproceedings{lubin-jnd,
	author = "Lubin, Jeffrey",
	title = "A human vision system model for objective picture quality measurements",
	booktitle = "International Broadcasting Convention",
	address = "Amsterdam, Pays-Bas",
	pages = "498--503",
 	year = 1997,
 	issn = "0537-9989"
}

@article{watson-dvq,
	title = "{DVQ: A digital video quality metric based on human vision}",
	author = "Watson, Andrew B. and Hu, James and McGowan, John F.",
	pages = "20--29",
	year = 2001,
	journal = "Journal of Electronic Imaging",
	number = "10",
	volume = "1"
}

@article{watson-dctune,
	title = "{DCTune : A technique for visual optimization of DCT quantization matrices for individual images}",
	author = "Andrew B. Watson",
	pages = "946--949",
	year = 1993,
	journal = "Society for Information Display Digest of Technical Papers 24"
}

@inproceedings{lambrecht-cmpqm,
	title = "Color moving pictures quality metric",
	author = "Lambrecht, Christian J. van den Branden",
	booktitle = "Proceedings of {IEEE International Conference on Image Processing, ICIP}1996",
	pages = "885--888",
	year = 1996
}

@techreport{itu-j144,
	title = "{ITU-T J.144 O}bjective perceptual video quality measurement techniques for digital cable television in the presence of a full reference",
	author = "ITU",
	organization = "International Telecommunication Union",
	year = 2004,
	institution = "International Telecommunication Union"
}

@techreport{vqeg-frtv1,
	title = "Final report from the Video Quality Experts Group on the validation of Objective Models of Video Quality Assessment",
	author = "VQEG",
	institution = "Video Quality Experts Group",
	year = 2000,
	url = "www.vqeg.org"
}

@article{girod-mse,
 author = "Bernd Girod",
 title = "What's wrong with mean-squared error?",
 book = "Digital images and human vision",
 year = "1993",
 isbn = "0-262-23171-9",
 pages = "207--220",
 publisher = "MIT Press",
 address = "Cambridge, États-Unis"
 }

@InProceedings{winkler-hvei1999,
	author =	"Winkler, Stefan",
	title =	"A Perceptual Distortion Metric for Digital Color Video",
	booktitle =	"Proceedings of SPIE Human Vision and Electronic Imaging",
	volume =	"3644",
	pages =	"175--184",
	year = 1999,
	address = "San Jose, États-Unis"
}

@article{mannos-ieee1974,
	author = "Mannos, J. and Sakrison, D.",
	title = "The effects of a visual fidelity criterion of the encoding of images",
	journal = "IEEE Transactions on Information Theory",
	volume = "20",
	number = "4",
	pages = "525--536",
	year = 1974
}

@article{damera-ieee2000,
	author = "Damera-Venkata, Niranjan and Kite, Thomas D. and Geisler, Wilson S. and Evans, Brian L. and Bovik, Alan C.",
	title = "Image Quality Assessment Based on a Degradation Model",
	journal = "IEEE Transactions on Image Processing",
	volume = "9",
	number = "4",
	pages = "525--536",
	year = 2000
}

@inproceedings{kusayama-pcs2001,
	author = "Kusayama, Takayoshi and Hamamoto, Takayuki and Hangai, Seiichiro",
	title = "A Proposal of Objective Measure Considering Human Visual Characteristics",
	booktitle = "Proceedings of the {IEEE Picture Coding Symposium, PCS}2001",
	address = "Seoul, Corée du Sud",
 	year = 2001
}

@inproceedings{zetzsche-vcip1989,
	author = {{Zetzsche}, C. and {Hauske}, G.},
	title = "{Multiple channel model for the prediction of subjective image quality}",
	booktitle = {Proceedings of SPIE Human Vision, Visual Processing, and Digital Display},
	year = 1989,
	volume = 1077,
	editor = {{Rogowitz}, B.~E.},
	pages = {209-+}
}

@article{daly-vdp,
 author = {Daly, Scott},
 title = {The visible differences predictor: an algorithm for the assessment of image fidelity},
 book = {Digital images and human vision},
 year = {1993},
 isbn = {0-262-23171-9},
 pages = {179--206},
 publisher = {MIT Press},
 address = {Cambridge,, États-Unis},
 }

@article{watson-cortex,
	author = "Watson, Andrew B.",
	title = "The cortex transform: rapid computation of simulated neural images",
	journal = "Computer Vision Graphics Image Processing",
	volume = {39},
	number = {3},
	year = {1987},
	issn = {0734-189X},
	pages = {311--327},
	publisher = {Academic Press Professional, Inc.},
	address = {San Diego, États-Unis},
}

@article{faugeras-ieee1979,
	author = "Faugeras, O.",
	title = "{Multiple channel model for the prediction of subjective image quality}",
	journal = {IEEE Transactions on Acoustics, Speech, and Signal Processing},
	year = 1979,
	volume = 27,
	number = 4,
	pages = "380--393"
}

@phdthesis{lecallet-phd,
	title = "Critères objectifs avec référence de qualité visuelle des images couleurs",
	author = "Le Callet, Patrick",
	school = "École polytechnique de l’université de Nantes",
	year = 2001
}

@inproceedings{lai-perceptual,
	author = "Lai, Y.-K. and Guo, J. and Kuo, C.-C.~J.",
	title = "Perceptual fidelity measure of digital color images",
	booktitle = "Proceedings of SPIE Human Vision and Electronic Imaging",
	year = 1998,
	volume = 3299,
	editor = "Rogowitz, B.~E. and Pappas, T.~N.",
	pages = "221--231"
}

@article {krauskopf-vr1982,
	author = "Krauskopf, John and Williams, David R. and Heeley, David W.",
	title = "Cardinal directions of color space",
	journal = "Vision Research",
	volume = "22",
	number = "9",
	year = "1982",
	pages = "1123--1131",
	doi = "10.1016/0042-6989(82)90077-3"
}

@inproceedings{lindh-icip1996,
	author = "Lindh, P. and Lambrecht, Christian J. van den Branden",
	title = "Efficient spatio-temporal decomposition for perceptual processing of video sequences",
	affiliation = "École polytechnique fédérale de Lausanne",
	booktitle = "Proceedings of {IEEE International Conference on Image Processing, ICIP}1996",
	pages = "331--334",
	volume = 3,
	year = 1996,
	address = "Lausanne, Suisse"
}

@article{fuhrmann-jei1995,
	author = "Fuhrmann, D.R. and Baro, J. A. and Cox Jr., J. R.",
	title = "Experimental evaluation of psychophysical distortion metrics for JPEG-encoded images",
	journal = "Journal of Electronic Imaging",
	year = 1995,
	volume = 4,
	pages = "297--406"
}

@article{frater-ieee2001,
	author = "Frater, M. R. and Arnold, J. F. and Vahedian, A.",
	title = "Impact of audio on subjective assessment of video quality in videoconferencing applications",
	journal = "IEEE Journal of Selected Areas in Communication",
	year = 2001,
	volume = 11,
	pages = "1059--1062"
}

@InProceedings{ebrahimi-spie2004,
	author =	"Farzad Ebrahimi and Matthieu Chamik and Stefan Winkler",
	title =	"{JPEG vs JPEG2000:} An objective comparison of image encoding quality",
	booktitle =	"Proceedings of SPIE Applications of Digital Image Processing",
	volume =	"5558",
	pages =	"300--308",
	year =	2004,
	address = "Denver, États-Unis"
}

@inproceedings{rodrigues-pcs2007,
	author = "Rodrigues, Nuno M. M. and da Silva, Eduardo A. B. and de Carvalho, Murilo B. and de Faria, Sérgio M. M. and da Silva, Vitor M. M.",
	title = "On overriding {H.264/AVC B}-slice predicted redidue coding",
	booktitle = "Proceedings of the {IEEE Picture Coding Symposium, PCS}2007",
	address = "Lisbon, Portugal",
 	year = 2007
}

@inproceedings{merkle-eusipco2007,
	author = "Merkle, Philipp and Smolic, Aljoscha and Müller, Karsten and Wiegand, Thomas",
	title = "Coding efficiency and complexity analysis of {MVC} prediction structures",
	booktitle = "Proceedings of the {European Conference on Signal Processing, EUSIPCO}2007",
	address = "Poznan, Pologne",
 	year = 2007
}

@inproceedings{ferguson-vpqm2007,
	author = "Ferguson, Kevin",
	title = "An adaptable human vision model for subjective video quality rating prediction among {CIF, SD, HD and E}-cinema",
	booktitle = "Proceedings of the {Third International Workshop on Video Processing and Quality Metrics for Consumer Electronics, VPQM}2007",
	year = "2007",
	address = "Scottsdale, États-Unis"
}

@misc{sheikh-live,
	author = "Sheikh, H.R. and Wang, Z. and Cormack, L. and Bovik, A.C.",
	title = "LIVE image quality assessment database",
	url ="live.ece.utexas.edu/research/quality/subjective.htm",
	year = 2002
}

@inproceedings{chen-icip2006,
	author = "Chen, Guan-Hao and Yang, Chun-Ling and Xie, Sheng-Li",
	title = "Gradient-Based Structural Similarity for Image Quality Assessment",
	booktitle = "Proceedings of {IEEE International Conference on Image Processing, ICIP}2006",
	year = "2006",
	address = "Atlanta, États-Unis",
	pages = "2929--2932",
	doi = "10.1109/ICIP.2006.313132"
}

@inproceedings{chen-icassp2006,
	author = "Chen, Guan-Hao and Yang, Chun-Ling and Po, Lai-Man and Xie, Sheng-Li",
	title = "Edge-Based Structural Similarity for Image Quality Assessment",
	booktitle = "Proceedings of {IEEE International Conference on Acoustics, Speech, and Signal Processing, ICASSP}2006",
	year = "2006",
	volume = 2,
	address = "Toulouse, France",
	pages = "933--936",
	doi = "10.1109/ICASSP.2006.1660497"
}

@article{navon-cp1977,
	author = "Navon, D.",
	title = "Forest before trees: the precedence of global features in visual perception",
	journal = "Cognitive psychology",
	year = 1977,
	volume = 9,
	pages = "353--383"
}

@article{schyns-c1999,
	author = "Schyns, P. G. and Oliva A.",
	title = "{Dr. Angry and Mr. Smile}: when categorization flexibly modifies the perception of faces in rapid visual presentation",
	journal = "Cognition",
	year = 1999,
	volume = 69,
	number = 3,
	pages = "243--265",
	doi = "10.1016/S0010-0277(98)00069-9"
}

@article{chandler-vsnr,
	author = "Chandler, D.M. and Hemami, S.S.",
	title = "{VSNR}: A Wavelet-Based Visual Signal-to-Noise Ratio for Natural Images",
	journal = "IEEE Transactions on Image Processing",
	volume = 16,
	number = 9,
	year = 2007,
	pages = "2284--2298",
	doi = "10.1109/TIP.2007.901820"
}

@inproceedings{eskicioglu-icassp2000,
	author = "Eskicioglu, A.",
	title = "Quality measurement for monochrome compressed images in the past 25 years",
	booktitle = "Proceedings of {IEEE International Conference on Acoustics, Speech, and Signal Processing, ICASSP}2000",
	year = "2000",
	volume = 6,
	address = "Istanbul, Turquie",
	pages = "1907--1910",
	doi = "10.1109/ICASSP.2000.859201"
}

@phdthesis{crete-phd,
	title = "Estimer, mesurer et corriger les artefacts de compression pour la télévision numérique",
	author = "Crete-Roffet, Frédérique",
	school = "Université Joseph Fourier",
	year = 2007
}

@inproceedings{punchihewa-ivcnz2002,
	author = "Punchihewa, Amal and Bailey, David",
	title = "Artefacts in image and video systems: Classification and Mitigation",
	booktitle = "Proceedings of {Image and Vision Computing New Zealand, IVCNZ}2002",
	year = "2002",
	address = "Auckland, Nouvelle Zélande",
	pages = "197--202"
}

@article {yuen-sp1998,
	author = "Yuen, M. and Wu, H.R.",
	title = "A survey of hybrid {MC/DPCM/DCT} video coding distortions",
	journal = "Signal Processing",
	volume = "70",
	year = "1998",
	pages = "247--278(32)",
	doi = "10.1016/S0165-1684(98)00128-5"
}

@inproceedings{perra-icip2005,
	author = "Perra, C. and Massidda, F. and Giusto, D.D.",
	title = "Image blockiness evaluation based on {S}obel operator",
	booktitle = "Proceedings of {IEEE International Conference on Image Processing, ICIP}2005",
	year = "2005",
	volume = 1,
	address = "Gênes, Italie",
	pages = "389--392",
	doi = "10.1109/ICIP.2005.1529769"
}

@article{meesters-sp2002,
 author = {Lydia Meesters and Jean-Bernard Martens},
 title = {A single-ended blockiness measure for {JPEG-C}oded images},
 journal = {Signal Processing},
 volume = {82},
 number = {3},
 year = {2002},
 issn = {0165-1684},
 pages = {369--387},
 doi = {10.1016/S0165-1684(01)00177-3}
 }

@inproceedings{babu-pv2004,
	author = "Venkatesh Babu, Radhakrishnan  and Bopardikar, Ajit S. and Perkis, Andrew and Hillestad, Odd Inge",
	title = "No-reference metrics for video streaming applications",
	booktitle = "Proceedings of the 14th {International Packet Video Workshop, PV}2004",
	year = "2004",
	address = "Université de Californie, États-Unis"
}

@inproceedings{karunasekera-spie1993,
author = {{Karunasekera}, S.~A. and {Kingsbury}, N.~G.},
title = "{Distortion measure for blocking artifacts in images based on human visual sensitivity}",
booktitle = {Proceedings of SPIE Visual Communications and Image Processing 1993},
year = 1993,
volume = 2094,
pages = {474--486}
}

@article {coudoux-jvcir1997,
	author = "Coudoux, F.X. and Gazalet, M.G. and Corlay, P. and Rouvaen, J.M.",
	title = "A Perceptual Approach to the Reduction of Blocking Effect in {DCT-C}oded Images",
	journal = "Journal of Visual Communication and Image Representation",
	volume = "8",
	year = "1997",
	pages = "327--337"
}

@article {gao-tcsvt2002,
	author = "Gao, Wenfeng and Mermer, C. and Kim, Yongmin",
	title = "A de-blocking algorithm and a blockiness metric for highly compressed images",
	journal = "IEEE Transactions on Circuits and Systems for Video Technology",
	volume = "12",
	number = 12,
	pages = "1150--1159",
	year = "2002",
	doi = "10.1109/TCSVT.2002.806817"
}

@inproceedings{wang-icip2002,
author = "Wang, Zhou and Sheikh, H. R. and Bovik, Alan C.",
title = "{No-Reference Perceptual Quality Assessment of JPEG Compressed Images}",
booktitle = {Proceedings of the IEEE International Conference on Image Processing, ICIP2002},
year = 2002,
volume = 1,
pages = {477--480},
doi = "10.1109/ICIP.2002.1038064"
}

@inproceedings{pan-iscs2004,
author = "Pan, F. and Lin, X. and Rahardja, S. and Lin, W. and Ong, E. and Yao, S. and Lu, Z. and et Yang, X.",
title = "{A locally-adaptive algorithm for measuring blocking artifacts in images and videos}",
booktitle = {Proceedings of the International Symposium on Circuits and Systems},
year = 2004,
volume = 3,
pages = {925--928},
doi = "10.1109/ISCAS.2004.1328899"
}

@phdthesis{bretillon-phd,
	title = "Conception et réalisation d'une méthode de qualification visuelle de la télévision numérique -- Application à la surveillance d'un réseau de diffusion",
	author = "Brétillon, Pierre",
	school = "Université de Saint-Étienne",
	year = 2000
}

@article {elder-pami1998,
	author = "Elder, J.H. and Zucker, S.W.",
	title = "Local scale control for edge detection and blur estimation",
	journal = "IEEE Transactions on Pattern Analysis and Machine Intelligence",
	volume = "20",
	number = 7,
	pages = "699--716",
	year = "1998",
	doi = "10.1109/34.689301"
}

@inproceedings{wu-icsp2005,
author = "Wu, Shiqian and Lin, Weisi and Jiang, Lijun and Xiong, Wei and Chen, Lihao and Ong, Sim Heng",
title = "An Objective Out-of-Focus Blur Measurement",
booktitle = {Proceedings of the International Conference on Communications and Signal Processing},
year = 2005,
pages = {334--338}
}

@inproceedings{feng-spie2006,
author = {{Feng}, X. and {Allebach}, J.~P.},
title = "{Measurement of ringing artifacts in JPEG images}",
booktitle = {Proceedings of the SPIE International Society for Optical Engineering},
year = 2006,
volume = 6076,
pages = {74--83},
doi = {10.1117/12.645089}
}

@inproceedings{hu-icip2006,
	author = "Hu, H. and de Haan, G.",
	title = "Low Cost Robust Blur Estimator",
	booktitle = "Proceedings of {IEEE International Conference on Image Processing, ICIP}2006",
	year = 2006,
	pages = {617--620},
	address = "Atlanta, États-Unis",
	doi = "10.1109/ICIP.2006.312411"
}

@techreport{itu-bs1284-1,
  title = "{ITU-R BS.1284-1 G}eneral methods for the subjective assessment of sound quality",
  author = "ITU",
  organization = "International Telecommunication Union",
  edition = "3",
  year = 2003,
  institution = "International Telecommunication Union"
}

@techreport{itu-p85,
  title = "{ITU-T P.85 A} method for subjective performance assessment of the quality of speech voice output devices",
  author = "ITU",
  organization = "International Telecommunication Union",
  year = 1994,
  institution = "International Telecommunication Union"
}

@techreport{itu-bt812,
  title = "{ITU-R BT.812 S}ubjective assessment of the quality of alphanumeric and graphic pictures in Teletext and similar services",
  author = "ITU",
  organization = "International Telecommunication Union",
  year = 1992,
  institution = "International Telecommunication Union"
}

@techreport{itu-bt1788,
  title = "{ITU-R BT.1788 M}ethodology for the subjective assessment of video quality in multimedia applications",
  author = "ITU",
  organization = "International Telecommunication Union",
  year = 2007,
  institution = "International Telecommunication Union"
}

@inproceedings{suresh-icassp2006,
	author = "Suresh, Nitin and Jayant, Nikil",
	title = "Mean Time Between Failures: A Subjectively Meaningful Video Quality Metric",
	booktitle = "Proceedings of {IEEE International Conference on Acoustics, Speech, and Signal Processing, ICASSP}2006",
	year = "2006",
	volume = 2,
	address = "Toulouse, France",
	doi = "10.1109/ICASSP.2006.1660499"
}

@article{fullerton-josa2007,
	author = "Fullerton, Matthew and Woods, Russell L. and Vera-Diaz, Fuensanta A. and Peli, Eli",
	title = "Measuring perceived video quality of {MPEG} enhancement by people with impaired vision",
	journal = "Journal of the Optical Society of America A",
	number = 12,
	pages = "B174--B187",
	publisher = "OSA",
	volume = 24,
	year = 2007,
	url = "josaa.osa.org/abstract.cfm?URI=josaa-24-12-B174",
}

@techreport{itu-bs1534,
  title = "{ITU-R BS.1534 M}ethod for the subjective assessment of intermediate quality levels of coding systems",
  author = "ITU",
  organization = "International Telecommunication Union",
  year = 2003,
  institution = "International Telecommunication Union"
}

@techreport{kozamernik-mushra,
	title = "{EBU} listening tests on Internet audio codecs",
	author = "Kozamernik, Franc and Stoll, Gerhard",
	organization = "EBU Project Group B/AIM",
	institution = "European Broadcasting Union",
	url = "www.ebu.ch/trev_283-kozamernik.pdf",
	year = 2000
}

@inproceedings{blin-vpqm2006,
	title     = "New quality evaluation method suited to multimedia context: {SAMVIQ}",
	author    = "Blin, Jean-Louis",
	booktitle = "Proceedings of the {S}econd {I}nternational {W}orkshop on {V}ideo {P}rocessing and {Q}uality {M}etrics for {C}onsumer {E}lectronics, {VPQM}2006",
	address = "Scottsdale, États-Unis",
	year = 2006
}

@article{wilcoxon-bb,
	author = {Wilcoxon, Frank},
	title = {Individual Comparisons by Ranking Methods},
	journal = {Biometrics Bulletin},
	number = {6},
	pages = {80--83},
	volume = {1},
	url = "www.jstor.org/view/00994987/di009195/00p0035l/0",
	year = {1945}
}

@article{bradley-biometrika,
	author = {Bradley, Ralph Allan and Terry, Milton E.},
	title = "Rank Analysis of Incomplete Block Designs: {I}. The Method of Paired Comparisons",
	journal = {Biometrika},
	number = {3/4},
	pages = {324--345},
	volume = {39},
	year = {1952},
	doi = "10.2307/2334029"
}

@article{dykstra-biometrics,
	author = "Dykstra, Otto",
	title = "A Note on the Rank Analysis of Incomplete Block Designs -- Applications beyond the Scope of Existing Tables",
	journal = {Biometrics},
	number = {3},
	pages = {301--306},
	volume = {12},
	year = {1956},
	doi = "10.2307/2334029"
}

@article{scheffe-jasa,
	author = "Scheffe, Henry",
	title = "An Analysis of Variance for Paired Comparisons",
	journal = "Journal of the American Statistical Association",
	number = {259},
	pages = {381--400},
	volume = {47},
	year = {1952},
	doi = "10.2307/2281310"
}

@article{kendall-biometrics,
	author = "Kendall, M. G.",
	title = "Further Contributions to the Theory of Paired Comparisons",
	journal = "Biometrics",
	number = 1,
	pages = "43--62",
	volume = {11},
	year = {1955}
}

@article{morrissey-josa,
	author = "Morrissey, J.~H.",
	title = "{New method for the assignment of psychometric scale values from incomplete paired comparisons}",
	journal = "Journal of the Optical Society of America",
	year = 1955,
	volume = 45,
	pages = {373-+}
}

@article{thurstone-psychometrika,
	author = "Thurstone, L. L.",
	title = "The prediction of choice",
	journal = "Psychometrika",
	year = 1945,
	volume = 10,
	number = 4,
	pages = "237--253",
	doi = "10.1007/BF02288891"
}

@article{mosteller-psychometrika1,
	author = "Mosteller, Frederick",
	title = "Remarks on the method of paired comparisons: {I. T}he least squares solution assuming equal standard deviations and equal correlations",
	journal = "Psychometrika",
	year = 1951,
	volume = 16,
	number = 1,
	pages = "3--9",
	doi = "10.1007/978-0-387-44956-2_8"
}

@article{mosteller-psychometrika2,
	author = "Mosteller, Frederick",
	title = "Remarks on the method of paired comparisons: {II. T}he effect of an aberrant standard deviation when equal standard deviations and equal correlations are assumed",
	journal = "Psychometrika",
	year = 1951,
	volume = 16,
	number = 2,
	pages = "203--206",
	doi = "10.1007/978-0-387-44956-2_9"
}

@article{bradlow-jasa,
	author = "Bradlow, E. T and Fader, P. S",
	title = "A Bayesian Lifetime Model for the ``{Hot 100'' B}illboard songs",
	journal = "Journal of the American Statistical Association",
	volume = "96",
	year = "2001",
	pages = "368--381",
	url = "www.ingentaconnect.com/content/asa/jasa/2001/00000096/00000454/art00002"
}

@article{imberty-rsa,
	author = "Imberty, M.",
	title = "Esthétique expérimentale : la méthode de comparaison par paires appliquée à l'étude de l'organisation perceptive de la phrase musicale chez l'enfant",
	journal = "Revue de Statistique Appliquée",
	volume = "16",
	number = 2,
	year = "1968",
	pages = "25--63",
	url = "www.numdam.org/numdam-bin/fitem?id=RSA_1968__16_2_25_0"
}

@article{spearman-ajp,
	author = "Spearman, Carl",
	title = "The proof and measurement of association between two things",
	journal = "American Journal of Psychology",
	volume = "15",
	year = "1904",
	pages = "72--101",
	url = "www.jstor.org/view/00029556/ap050393/05a00120/0"
}

@article{pearson-rslpt,
	author = "Pearson, Karl",
	title = "Mathematical Contributions to the Theory of Evolution. {III}. Regression, Heredity, and Panmixia",
	journal = "Royal Society of London Philosophical Transactions Series A",
	volume = "187",
	year = "1896",
	pages = "253--318",
	url = "www.jstor.org/view/00029556/ap050393/05a00120/0"
}

@article{cohen-kappa,
	author = "Cohen, Jacob",
	title = "A Coefficient of Agreement for Nominal Scales",
	journal = "Educational and Psychological Measurement",
	volume = "20",
	number ="1",
	year = "1960",
	pages = "37--46",
	doi = "10.1177/001316446002000104"
}

@inproceedings{fisher-z,
	title     = "On a Distribution Yielding the Error Functions of Several Well Known Statistics",
	author    = "Fisher, R.A.",
	booktitle = "Proceedings of the International Congress of Mathematics",
	address = "Toronto, Canada",
	pages = "805--813",
	year = 1924,
	url ="digital.library.adelaide.edu.au/coll/special/fisher/36.pdf"
}

@article{brill-spic,
	author = "Brill, Michael H. and Lubin, Jeffrey and Costa, Pierre and Wolf, Stephen and Pearson, John",
	title = "Accuracy and Cross-Calibration of Video Quality Metrics: New Methods from {ATIS/T1A1}",
	journal = "Signal Processing: Image Communication",
	year = 2004,
	volume = "19",
	pages = "101--107",
	doi = "10.1016/S0923-5965(03)00073-0"
}

@article{gosset-biometrika,
	author = "Gosset, William Sealy",
	title = "The probable error of a mean",
	journal = "Biometrika",
	pages = "1--25",
	volume = 1,
	year = 1908,
	note = "Publié sous le nom de Student."
}

@inproceedings{wang-icassp2002,
	title     = "Why is image quality assessment so difficult?",
	author    = "Wang, Zhou and Bovik, Alan Conrad and Lu, Ligang",
	booktitle = "Proceedings of {IEEE International Conference on Acoustics, Speech and Signal Processing, ICASSP}2002",
	pages = "3313--3316",
	volume = 4,
	year = 2002,
	doi = "10.1109/ICASSP.2002.1004620",
	address = "Orlando, États-Unis"
}

@InBook{wang-ovqa,
	author = "Wang, Zhou and Sheikh, Hamid R. and Bovik, Alan Conrad",
	editor = "Furht and O. Marqure",
	title = "Objective video quality assessment",
	chapter = "41",
	publisher = "CRC Press",
	year = 2003,
	pages = {1041--1078}
}

@phdthesis{bekkat-phd,
	title = "Critère objectif de qualité subjective d’images monochromes. Conception du modèle et validation expérimentale",
	author = "Bekkat, Nachida",
	school = "Université de Nantes, IRESTE",
	year = 1999
}

@article {masry-spic2004,
	author = "Masry, Mark A. and Hemami, Sheila S.",
	title = "A metric for continuous quality evaluation of compressed video with severe distortions",
	journal = "Signal Processing: Image Communication",
	volume = "19",
	year = "2004",
	pages = "133--146",
	doi = "10.1016/j.image.2003.08.001"
}

@inproceedings{deridder-spie1992,
	author = "de Ridder, Huib",
	title = "Minkowski-metrics as a combination rule for digital-image-coding impairments",
	booktitle = "Proceedings of SPIE Human Vision, Visual Processing, and Digital Display III",
	year = 1992,
	volume = 1666,
	pages = "16--26"
}

@article {sheikh-ip2006,
	author = "Sheikh, Hamid Rahim and Sabir, Muhammad Farooq and Bovik, Alan Conrad",
	title = "A statistical evaluation of recent full reference image quality assessment algorithms",
	journal = "IEEE Transactions on Image Processing",
	volume = "15",
	number = "11",
	year = "2006",
	pages = "3440--3451",
	doi = "10.1109/TIP.2006.881959"
}

@misc{poynton-faqColor,
	title = "Frequently Asked Questions about Color",
	author = "Poynton, Charles",
	url = "www.poynton.com/notes/colour_and_gamma/ColorFAQ.html",
	year = 1997
}

@book{barten-book,
	title = "Contrast sensitivity of the human eye and its effects on image quality",
	author = "Barten, Peter G. J.",
	isbn = "0-8194-3496-5",
	editor = "SPIE Publications",
	year = 1999
}

@phdthesis{bedat-phd,
	title = "Aspects psychovisuels de la perception des couleurs. Application au codage d’images couleur fixes avec compression de l’information",
	author = "Bédat, Laurent",
	school = "Université de Nantes, IRESTE",
	year = 1998
}

